<record><leader>00000cas a22000007a 4500</leader><controlfield tag="001">21986511</controlfield><controlfield tag="008">900710d18751876nyusr ne      0    0eng d</controlfield><datafield ind1=" " ind2=" " tag="010"><subfield code="a">sn 90066230 </subfield></datafield><datafield ind1=" " ind2=" " tag="040"><subfield code="a">NYG</subfield><subfield code="b">eng</subfield><subfield code="c">NYG</subfield><subfield code="d">NYS</subfield><subfield code="d">OCLCQ</subfield></datafield><datafield ind1=" " ind2=" " tag="042"><subfield code="a">msc</subfield></datafield><datafield ind1="0" ind2=" " tag="130"><subfield code="a">Young America (Brookfield, N.Y.)</subfield></datafield><datafield ind1="1" ind2="4" tag="245"><subfield code="a">The young America.</subfield></datafield><datafield ind1=" " ind2=" " tag="260"><subfield code="a">Brookfield, N.Y. :</subfield><subfield code="b">Frank M. Spooner,</subfield><subfield code="c">1875-1876.</subfield></datafield><datafield ind1=" " ind2=" " tag="300"><subfield code="a">1 v. ;</subfield><subfield code="c">31 cm.</subfield></datafield><datafield ind1=" " ind2=" " tag="310"><subfield code="a">Semimonthly</subfield></datafield><datafield ind1="0" ind2=" " tag="362"><subfield code="a">Vol. 1, no. 1 (May 1, 1875)-v. 1, no. 24 (Apr. 10, 1876).</subfield></datafield><datafield ind1=" " ind2="4" tag="651"><subfield code="a">Brookfield (N.Y.)</subfield><subfield code="v">Newspapers.</subfield></datafield><datafield ind1=" " ind2=" " tag="752"><subfield code="a">United States</subfield><subfield code="b">New York</subfield><subfield code="c">Madison</subfield><subfield code="d">Brookfield.</subfield></datafield><datafield ind1="0" ind2="0" tag="785"><subfield code="t">Brookfield courier (Brookfield, N.Y. : 1876)</subfield><subfield code="w">(DLC)sn 88075850</subfield><subfield code="w">(OCoLC)18953391</subfield></datafield><datafield ind1="1" ind2=" " tag="029"><subfield code="a">AU@</subfield><subfield code="b">000025864336</subfield></datafield></record>